@misc{BoyerMooreAlgo,
  author       = {{Robert S. Boyer et al.}},
  title        = {{A Fast String Searching Algorithm}},
  howpublished = {\url{www.cs.utexas.edu/~moore/publications/fstrpos.pdf}}
}

@misc{GPU.js,
  title        = {GPU.js},
  howpublished = {\url{https://github.com/gpujs/gpu.js}}
}

@misc{HRT,
  title        = {{High Resolution Time Level 2}},
  howpublished = {\url{https://www.w3.org/TR/hr-time-2/#sec-performance}}
}

@misc{KnuthMorrisPrattAlgo,
  author       = {{Donald E. Knuth, James H. Morris, Vaughan R. Pratt}},
  title        = {{Fast Pattern Matching In Strings}},
  howpublished = {\url{https://citeseerx.ist.psu.edu/viewdoc/summary?doi=10.1.1.93.8147}}
}

@inbook{NaiveSearchAlgo,
  title    = {{Introduction to Algorithms}},
  author   = {{T. H. Cormen, C. E. Leiserson, R. L. Rivest, C. Stein}},
  pages          = {909-911},
}

@misc{Plotly,
  title        = {Plotly},
  howpublished = {\url{https://plotly.com/javascript/}}
}

@misc{Polski,
  title        = {{Długość wyrazów - statystyka}},
  howpublished = {\url{https://diuna.biz/ciekawostki/dlugosc-wyrazow-statystyka-ilosci-znakow-w-wyrazie/}}
}

@misc{RabinKarpAlgo,
  title        = {{Rabin-Karp Algorithm/Rolling Hash}},
  howpublished = {\url{courses.csail.mit.edu/6.006/spring11/rec/rec06.pdf}}
}

@misc{React,
  title        = {React},
  howpublished = {\url{https://reactjs.org/}}
}

@misc{StringMatchingAlgos,
  title        = {String Matching Algorithms},
  author       = {Mukku Bhagya Sri},
  howpublished = {\url{https://www.researchgate.net/publication/323988995_String_Matching_Algorithms}}
}

@misc{StringMatchingMulticoreGPU,
  author       = {Charalampos S. Kouzinopoulos},
  title        = {{String Matching on a multicore GPU using CUDA}},
  howpublished = {\newline\url{https://www.researchgate.net/publication/221565517_String_Matching_on_a_multicore_GPU_using_CUDA}}
}

@misc{TextEncoder,
  title        = {{Text Encoder}},
  howpublished = {\url{https://encoding.spec.whatwg.org/#interface-textencoder}}
}

@misc{Webpack,
  title        = {Webpack},
  howpublished = {\url{https://webpack.js.org/concepts/}}
}

@misc{WebWorker,
  title        = {{Web Workers API}},
  howpublished = {\url{https://developer.mozilla.org/en-US/docs/Web/API/Web_Workers_API}}
}
